=LDR  03017cem a22006253u 4500
=001  004827778
=003  Uk
=005  20221202103029.0
=007  a|||||||
=008  940104|1660\\\\ne\||||||\u\\||\|\|||||\\
=019  4\$am040886026
=034  1\$3Sheet b at Maps K.Top.106.32.c$aa$dE0042858$eE0052022$fN0525708$gN0521942$2bound
=034  1\$3Sheet c at Maps K.Top.106.32.c$aa$dE0034608$eE0045010$fN0521806$gN0512923$2bound
=040  \\$aUk$cUk$dUk
=052  7\$a912.492$2ddc
=245  00$aDelftland. Novissima Delflandiae, Schielandiae et circumiacentium insularum ... tabula. Auctore B.F. a Berckenrode.
=255  \\$aScale of sheet a not determined$c(E 4°19'50"--E 5°20'12"/N 52°5'55"--N 51°24'25").
=255  \\$aScale of sheet b not determined$c(E 4°28'58"--E 5°20'22"/N 52°57'08"--N 52°19'42").
=255  \\$aScale of sheet c not determined$c(E 3°46'08"--E 4°50'10"/N 52°18'06"--N 51°29'23").
=260  \\$aAmstelodami :$bF. de Witt,$c[1660?]
=336  \\$acartographic image$2rdacontent
=337  \\$aunmediated$2rdamedia
=338  \\$avolume$2rdacarrier
=510  3\$aBritish Museum, Catalogue of Maps, Prints, Drawings, etc., forming the geographical and topographical collection attached to the Library of his late Majesty King George the third, etc., London, 1829.
=651  \7$aDELFTLAND, Netherlands$y1660.$2blmlsh
=700  0\$aGeorge$bIII,$cKing of Great Britain,$d1738-1820,$eformer owner.$5Uk.
=700  0\$aGeorge$bIV,$cKing of Great Britain,$d1762-1830,$edonor.$5Uk.
=852  41$aBritish Library$bMAPS$jMaps K.Top.106.32c.
=856  41$3Sheet a at Maps K.Top.106.32.c.$uhttps://www.flickr.com/photos/britishlibrary/50265840976$ydigitised map
=856  41$3Sheet b at Maps K.Top.106.32.c.$uhttps://www.flickr.com/photos/britishlibrary/50265840891$ydigitised map
=856  41$3Sheet c at Maps K.Top.106.32.c.$uhttps://www.flickr.com/photos/britishlibrary/50265840841$ydigitised map
=960  0\$aAmsterdam
=985  \\$aUpgraded from BL georeferencer data 2022-12-01.
=985  \\$aRecord amended for WR1606-1727
=CAT  \\$aCONV$b00$c20040502$lBLL01$h1040
=CAT  \\$aglobal_upd$b40$c20060416$lBLL01$h1757
=CAT  \\$aBATCH-UPD$b40$c20090403$lBLL01$h1546
=CAT  \\$aMAP-BATCH$c20090415$lBLL01$h2201
=CAT  \\$aBATCH-UPD$b00$c20090915$lBLL01$h1005
=CAT  \\$aBATCH$b00$c20091205$lBLL01$h2158
=CAT  \\$aBATCH-UPD$b00$c20110602$lBLL01$h1205
=CAT  \\$aBATCH-UPD$b00$c20121128$lBLL01$h2110
=CAT  \\$aWR13_188$c20140208$lBLL01$h1232
=CAT  \\$aW1606-1727$c20160825$lBLL01$h1843
=CAT  \\$aW2009-0364$c20200911$lBLL01$h1620
=CAT  \\$aW2009-0364$c20201002$lBLL01$h1549
=CAT  \\$a12842$b40$c20201127$lBLL01$h1411
=CAT  \\$a14185$b40$c20221202$lBLL01$h0822
=CAT  \\$a14185$b40$c20221202$lBLL01$h0934
=CAT  \\$a14185$b40$c20221202$lBLL01$h1030
=FIN  \\$aY
=FMT  \\$a  MP
=LAS  \\$a14185$b40$c20221202$lBLL01$h1030
=LEO  \\$aMP17.0000039404
=SRC  \\$aMAP01$bbibmp17.200404.2.aa

