=LDR  02324cam a22005413a 4500
=001  004840895
=003  Uk
=005  20221205194822.0
=008  001205|1658\\\\|||\\\\||\\\\||||\||fre\\
=019  4\$am050926063
=034  1\$aa$dE0051252$eE0065303$fN0471419$gN0481724$2bound
=040  \\$aUk$cUk$dUk
=052  7\$a912.44$2ddc
=245  00$aArchid[ia]connes de Faverney et de Luxeuil du Diocèse de Besançon ... Par N. Sanson.
=255  \\$aScale not determined$c(E 5°12'52"--E 6°53'03"/N 47°14'19"--N 48°17'24").
=260  \\$c1658.
=336  \\$atext$2rdacontent
=337  \\$aunmediated$2rdamedia
=338  \\$avolume$2rdacarrier
=510  3\$aBritish Museum, Catalogue of Maps, Prints, Drawings, etc., forming the geographical and topographical collection attached to the Library of his late Majesty King George the third, etc., London, 1829.
=651  \7$aFAVERNEY, Besançon$y1658.$2blmlsh
=700  0\$aGeorge$bIII,$cKing of Great Britain,$d1738-1820,$eformer owner.$5Uk.
=700  0\$aGeorge$bIV,$cKing of Great Britain,$d1762-1830,$edonor.$5Uk.
=852  41$aBritish Library$bMAPS$jMaps K.Top.62.56.2.
=856  41$3Copy at Maps K.Top.62.56.2.$uhttps://www.flickr.com/photos/britishlibrary/50264043117$ydigitised map
=985  \\$aUpgraded from BL georeferencer data 2022-12-05.
=985  \\$aUpgraded by BSS-generated file for WR1910-0531
=CAT  \\$aCONV$b00$c20040502$lBLL01$h1040
=CAT  \\$aglobal_upd$b40$c20060416$lBLL01$h1802
=CAT  \\$aBATCH-UPD$b40$c20090403$lBLL01$h1547
=CAT  \\$aMAP-BATCH$c20090415$lBLL01$h2201
=CAT  \\$aBATCH-UPD$b00$c20090915$lBLL01$h1016
=CAT  \\$aBATCH$b00$c20091102$lBLL01$h2352
=CAT  \\$aBATCH-UPD$b00$c20110602$lBLL01$h1208
=CAT  \\$aBATCH-UPD$b00$c20121128$lBLL01$h2116
=CAT  \\$aWR13_188$c20140208$lBLL01$h1232
=CAT  \\$aW1606-1727$c20160825$lBLL01$h1843
=CAT  \\$aW1910-0531$b00$c20200410$lBLL01$h1835
=CAT  \\$aW2009-0364$c20200911$lBLL01$h1621
=CAT  \\$aW2009-0364$c20201002$lBLL01$h1549
=CAT  \\$a12842$b40$c20201127$lBLL01$h1521
=CAT  \\$a14185$b40$c20221205$lBLL01$h1728
=CAT  \\$a14185$b40$c20221205$lBLL01$h1948
=FIN  \\$aY
=FMT  \\$a  BK
=LAS  \\$a14185$b40$c20221205$lBLL01$h1948
=LEO  \\$aMP17.0000050434
=SRC  \\$aMAP01$bbibmp17.200404.2.aa

