=LDR  02262cem a22005413u 4500
=001  004849437
=003  Uk
=005  20221205194819.0
=007  a|||||||
=008  940106|1748\\\\|||||||||\u\\||\|\|||||\\
=019  4\$am060705116
=034  1\$aa$dE0042720$eE0044650$fN0501250$gN0502412$2bound
=040  \\$aUk$cUk$dUk
=052  7\$a912.493$2ddc
=245  00$aCarte topographique des Environs de Gerpine, Florennes, etc.
=255  \\$aScale not determined$c(E 4°27'20"--E 4°46'50"/N 50°12'50"--N 50°24'12").
=260  \\$c1748.
=336  \\$acartographic image$2rdacontent
=337  \\$aunmediated$2rdamedia
=338  \\$avolume$2rdacarrier
=510  3\$aBritish Museum, Catalogue of Maps, Prints, Drawings, etc., forming the geographical and topographical collection attached to the Library of his late Majesty King George the third, etc., London, 1829.
=651  \7$aGERPINNES, Belgium$y1748.$2blmlsh
=700  0\$aGeorge$bIII,$cKing of Great Britain,$d1738-1820,$eformer owner.$5Uk.
=700  0\$aGeorge$bIV,$cKing of Great Britain,$d1762-1830,$edonor.$5Uk.
=852  41$aBritish Library$bMAPS$jMaps K.Top.105.83.k.
=856  41$3Copy at Maps K.Top.105.83.k.$uhttps://www.flickr.com/photos/britishlibrary/50266024027$ydigitised map
=985  \\$aUpgraded from BL georeferencer data 2022-12-05.
=985  \\$aRecord amended for WR1606-1727
=CAT  \\$aCONV$b00$c20040502$lBLL01$h1041
=CAT  \\$aglobal_upd$b40$c20060416$lBLL01$h1804
=CAT  \\$aBATCH-UPD$b40$c20090403$lBLL01$h1548
=CAT  \\$aMAP-BATCH$c20090415$lBLL01$h2202
=CAT  \\$aBATCH-UPD$b00$c20090915$lBLL01$h1021
=CAT  \\$aBATCH$b00$c20091205$lBLL01$h2206
=CAT  \\$aBATCH-UPD$b00$c20110602$lBLL01$h1211
=CAT  \\$aBATCH-UPD$b00$c20121128$lBLL01$h2121
=CAT  \\$aWR13_188$c20140208$lBLL01$h1232
=CAT  \\$aW1606-1727$c20160825$lBLL01$h1844
=CAT  \\$aW2009-0364$c20200911$lBLL01$h1621
=CAT  \\$aW2009-0364$c20201002$lBLL01$h1549
=CAT  \\$a12842$b40$c20201127$lBLL01$h1552
=CAT  \\$a14185$b40$c20221205$lBLL01$h1728
=CAT  \\$a14185$b40$c20221205$lBLL01$h1948
=FIN  \\$aY
=FMT  \\$a  MP
=LAS  \\$a14185$b40$c20221205$lBLL01$h1948
=LEO  \\$aMP17.0000058109
=SRC  \\$aMAP01$bbibmp17.200404.2.aa

