=LDR  03434ckm a2200649 i 4500
=001  004875910
=003  Uk
=005  20221206100335.0
=007  kj\bo\
=008  940104m17701790ru\nnn\\\\\\\\\\\\knfre\\
=034  0\$aa$dE0301951$eE0302020$fN0595654$gN0595640$2bound
=040  \\$aUk$beng$cUk$dUk$erda
=042  \\$aukblsr
=082  7\$a912.47$2ddc
=245  00$aPalais d'eté de Sa Mai. Imp. Sur les rivieres de Fontaine et de Moika.
=255  \\$aScale not given$c(E 30°19'51"--E 30°20'20"/N 59°56'54"--N 59°56'40").
=264  \1$a[St. Petersburg] :$b[publisher not identified],$c[between 1770 and 1790]
=300  \\$a1 print :$betching ;$csheet 9.7 x 12.9 cm
=336  \\$astill image$2rdacontent
=337  \\$aunmediated$2rdamedia
=338  \\$asheet$2rdacarrier
=500  \\$aView of the Summer Palace in St. Petersburg, the palace beyond with wings on either side and a ornately decorated central pediment, terraces leading up to the palace, a central fountain in the midst of the parterres and lawns, balustrades and a moat to the foreground.
=500  \\$aWith an additional Cyrillic title and two initialled production details.
=500  \\$aPart of a series of views of St. Petersburg.
=500  \\$aTitled 'Vue du Palais d'Été de sa Majesté sur les Rivières de Fontanka et de Moika.' in the Catalogue of Maps, Prints, Drawings, etc., forming the geographical and topographical collection attached to the Library of his late Majesty King George the third, etc., London, 1829.
=510  3\$aBritish Museum, Catalogue of Maps, Prints, Drawings, etc., forming the geographical and topographical collection attached to the Library of his late Majesty King George the third, etc., London, 1829
=561  1\$aPart of King George III's Topographical Collection. Donated to the nation by George IV.$5Uk
=650  \7$aPalaces$vPictorial works$y1770-1790.$2gmgpc
=651  \7$aSt. Petersburg (Russia)$vPictorial works$y1770-1790.$2gmgpc
=655  \7$aEtchings$zEngland$y1770-1790.$2gmgpc
=655  \7$aViews$zEngland$y1770-1790.$2gmgpc
=700  0\$aGeorge$bIII,$cKing of Great Britain,$d1738-1820,$eformer owner.$5Uk
=700  0\$aGeorge$bIV,$cKing of Great Britain,$d1762-1830,$edonor.$5Uk
=852  41$aBritish Library$bMAPS$jMaps K.Top.112.72.r.2.
=856  41$3Copy at Maps K.Top.112.72.r.2.$uhttps://www.flickr.com/photos/britishlibrary/50265696026$ydigitised map
=985  \\$aUpgraded from BL georeferencer data 2022-12-05.
=985  \\$aRecord amended for WR1606-1727
=CAT  \\$aCONV$b00$c20040502$lBLL01$h1041
=CAT  \\$aglobal_upd$b40$c20060416$lBLL01$h1813
=CAT  \\$aBATCH-UPD$b40$c20090403$lBLL01$h1549
=CAT  \\$aMAP-BATCH$c20090415$lBLL01$h2202
=CAT  \\$aBATCH-UPD$b00$c20090915$lBLL01$h1036
=CAT  \\$aBATCH$b00$c20091205$lBLL01$h2215
=CAT  \\$aBATCH-UPD$b00$c20110602$lBLL01$h1216
=CAT  \\$aBATCH-UPD$b00$c20121128$lBLL01$h2129
=CAT  \\$aWR13_188$c20140208$lBLL01$h1233
=CAT  \\$aW1606-1727$c20160825$lBLL01$h1844
=CAT  \\$a14508$b40$c20180115$lBLL01$h1126
=CAT  \\$aW2009-0364$c20200911$lBLL01$h1621
=CAT  \\$aW2009-0364$c20201002$lBLL01$h1549
=CAT  \\$a12842$b40$c20201127$lBLL01$h1725
=CAT  \\$a14185$b40$c20221206$lBLL01$h1003
=FIN  \\$aY$d20160516
=FMT  \\$a  VM
=LAS  \\$a14185$b40$c20221206$lBLL01$h1003
=LEO  \\$aMP17.0000082270
=SRC  \\$aMAP01$bbibmp17.200404.2.aa

