=LDR  05003cem a22007813u 4500
=001  004886266
=003  Uk
=005  20221202110152.0
=007  a|||||||
=008  940109|||||||||enk||||||\u\\||\|\|||||\\
=019  4\$am090583027
=034  1\$aa$dW0034406$eW0034602$fN0532918$gN0532832$2bound
=040  \\$aUk$beng$cUk$dUk$erda$egihc
=082  04$a704.9444276$223
=100  1\$aHarris, John,$dactive 1680-1739 or 1740,$eprintmaker.
=245  12$aThe South West Prospect of Manchester and Salford :$bTo the Honourable Ann Lady Dowager Bland Lady of the Mannor of MANCHESTER. This Plate is most Humbly Inscribed by Her Ladyship's Most Obedient Humble Servt. Robert Whitworth. /$cI. Harris sculp.
=255  \\$aScale not determined$c(W 3°44'06"--W 3°46'02"/N 53°29'18"--N 53°28'32").
=264  \1$aLondon$bSold by Iohn Bowles at the Black Horse in Cornhill.$c[1729 or later]
=300  \\$a1 print :$betching and engraving ;$ccombined platemarks 46.7 x 123.9 cm, on sheet 52.4 x 129.0 cm.
=336  \\$astill image$2rdacontent
=337  \\$aunmediated$2rdamedia
=338  \\$asheet$2rdacarrier
=500  \\$aThis print was published c. 1729 by Robert Whitworth, a Manchester publisher and bookseller, and it was sold (or also republished?) in London by John Bowles. Whitworth's view was copied by John Berry beneath his 1751 map, an impression of which survives at Maps.K.Top.18.78.2.
=500  \\$aThe dedicatee, Ann Bland, was foundress of St Ann's Church, prominent to the right of centre, labelled '16'.
=500  \\$aPublished on two sheets with two copper plates, one for each half.
=500  \\$aTitled 'S.W. Prospect of ditto, by Whitworth; engraved by Harris. Two sheets.' A small View of ditto, 1819.' in the Catalogue of Maps, Prints, Drawings, etc., forming the geographical and topographical collection attached to the Library of his late Majesty King George the third, etc, London, 1829.
=510  3\$aBritish Museum, Catalogue of Maps, Prints, Drawings, etc., forming the geographical and topographical collection attached to the Library of his late Majesty King George the third, etc., London, 1829.
=520  \\$aView of the towns in the distance beneath the title banner, with three churches dominating the skyline, from left to right: Sacred Trinity, Salford, Christ Church Collegiate Church (now Manchester Cathedral), and St Ann's. In front of the town the River Irwell passes through fields, and in the immediate foreground gentlemen attend to their horses or converse in between rocky outcrops, shrubbery and tree stumps. Beneath the image is an explanatory key either side of the arms of Lady Ann Bland (1644-1734) in a lozenge shield.
=650  \7$aCityscapes$zEngland$zManchester$y1720-1730.$2lctgm
=650  \7$aViews$zEngland$zManchester$y1720-1730.$2lctgm
=651  \0$aManchester (England)$vPictorial works$vEarly works to 1800.
=655  \7$aEtchings$zEngland$zLondon$y1720-1730.$2gmgpc
=700  1\$aWhitworth, Robert,$d1707-1772,$epublisher.
=700  1\$aBowles, John,$d1701-1779,$eprintseller.
=700  1\$aBland, Ann,$d1664 - 1734,$ededicatee.
=700  0\$aGeorge$bIII,$cKing of Great Britain,$d1738-1820,$eformer owner.$5Uk.
=700  0\$aGeorge$bIV,$cKing of Great Britain,$d1762-1830,$edonor.$5Uk.
=852  41$aBritish Library$bMAPS$jMaps K.Top.18.81.b.
=856  41$3Sheet 1 at Maps K.Top.18.81.b.$uhttps://www.flickr.com/photos/britishlibrary/50265294441$ydigitised map
=856  41$3Sheet 2 at Maps K.Top.18.81.b.$uhttps://www.flickr.com/photos/britishlibrary/50264638133$ydigitised map
=856  41$3Full image at Maps K.Top.18.81.b.$uhttps://www.flickr.com/photos/britishlibrary/50265294291$ydigitised map
=985  \\$aUpgraded from BL georeferencer data 2022-12-01.
=985  \\$aUpgraded by BSS-generated file for WR1910-0531
=CAT  \\$aCONV$b00$c20040502$lBLL01$h1041
=CAT  \\$aglobal_upd$b40$c20060416$lBLL01$h1817
=CAT  \\$aBATCH-UPD$b40$c20090403$lBLL01$h1551
=CAT  \\$aMAP-BATCH$c20090415$lBLL01$h2203
=CAT  \\$aBATCH-UPD$b00$c20090915$lBLL01$h1053
=CAT  \\$aBATCH$b00$c20091205$lBLL01$h2219
=CAT  \\$aBATCH-UPD$b00$c20110602$lBLL01$h1220
=CAT  \\$aBATCH-UPD$b00$c20121128$lBLL01$h2136
=CAT  \\$aWR13_188$c20140208$lBLL01$h1233
=CAT  \\$a14511$b40$c20160112$lBLL01$h1821
=CAT  \\$a14511$b40$c20160113$lBLL01$h1153
=CAT  \\$aBATCH-UPD$b40$c20160113$lBLL01$h1158
=CAT  \\$aBATCH-UPD$b40$c20160114$lBLL01$h1750
=CAT  \\$aW1606-1727$c20160825$lBLL01$h1845
=CAT  \\$aW1910-0531$b00$c20191108$lBLL01$h1809
=CAT  \\$aW2009-0364$c20200911$lBLL01$h1621
=CAT  \\$aW2009-0364$c20201002$lBLL01$h1550
=CAT  \\$a14185$b40$c20221202$lBLL01$h0851
=CAT  \\$a14185$b40$c20221202$lBLL01$h0853
=CAT  \\$a14185$b40$c20221202$lBLL01$h1101
=FIN  \\$aY$d160113
=FMT  \\$a  MP
=LAS  \\$a14185$b40$c20221202$lBLL01$h1101
=LEO  \\$aMP17.0000091231
=SRC  \\$aMAP01$bbibmp17.200404.2.aa

