=LDR  02256cem a22005293u 4500
=001  004907059
=003  Uk
=005  20221205194816.0
=007  a|||||||
=008  940111||||||||||||||||||\u\\||\|\|||||\\
=019  4\$am110198042
=034  1\$aa$dE0054332$eE0101102$fN0483106$gN0502927$2bound
=040  \\$aUk$cUk$dUk
=052  7\$a912.43$2ddc
=245  00$aPalatinatûs Rheni, ac Ducatûs Bipontini Tabula, per N. Visscher.
=255  \\$aScale not determined$c(E 5°43'32"--E 10°11'02"/N 48°31'06"--N 50°29'27").
=336  \\$acartographic image$2rdacontent
=337  \\$aunmediated$2rdamedia
=338  \\$avolume$2rdacarrier
=510  3\$aBritish Museum, Catalogue of Maps, Prints, Drawings, etc., forming the geographical and topographical collection attached to the Library of his late Majesty King George the third, etc., London, 1829.
=651  \7$aPALATINATE, Germany -$vMaps and charts.$2blmlsh
=700  0\$aGeorge$bIII,$cKing of Great Britain,$d1738-1820,$eformer owner.$5Uk.
=700  0\$aGeorge$bIV,$cKing of Great Britain,$d1762-1830,$edonor.$5Uk.
=852  41$aBritish Library$bMAPS$jMaps K.Top.93.69.
=856  41$3Copy at Maps K.Top.93.69.$uhttps://www.flickr.com/photos/britishlibrary/50262710118$ydigitised map
=985  \\$aUpgraded from BL georeferencer data 2022-12-05.
=985  \\$aRecord amended for WR1606-1727
=CAT  \\$aCONV$b00$c20040502$lBLL01$h1042
=CAT  \\$aglobal_upd$b40$c20060416$lBLL01$h1823
=CAT  \\$aBATCH-UPD$b40$c20090403$lBLL01$h1552
=CAT  \\$aMAP-BATCH$c20090415$lBLL01$h2203
=CAT  \\$aBATCH-UPD$b00$c20090915$lBLL01$h1142
=CAT  \\$aBATCH$b00$c20091205$lBLL01$h2227
=CAT  \\$aBATCH-UPD$b00$c20110602$lBLL01$h1224
=CAT  \\$aBATCH-UPD$b00$c20121128$lBLL01$h2144
=CAT  \\$aWR13_188$c20140208$lBLL01$h1234
=CAT  \\$aW1606-1727$c20160825$lBLL01$h1845
=CAT  \\$aW2009-0364$c20200911$lBLL01$h1622
=CAT  \\$aW2009-0364$c20201002$lBLL01$h1550
=CAT  \\$a12842$b40$c20201130$lBLL01$h1433
=CAT  \\$a14185$b40$c20221205$lBLL01$h1729
=CAT  \\$a14185$b40$c20221205$lBLL01$h1948
=FIN  \\$aY
=FMT  \\$a  MP
=LAS  \\$a14185$b40$c20221205$lBLL01$h1948
=LEO  \\$aMP17.0000109671
=SRC  \\$aMAP01$bbibmp17.200404.2.aa

