=LDR  02245cem a22005413u 4500
=001  004930547
=003  Uk
=005  20221205194814.0
=007  a|||||||
=008  940113|1749\\\\|||||||||\u\\||\|\|||||\\
=019  4\$am130216100
=034  1\$aa$dE0041023$eE0042704$fN0502703$gN0503531$2bound
=040  \\$aUk$cUk$dUk
=052  7\$a912.493$2ddc
=245  00$aLes Environs de Seneff, Obay, etc.
=255  \\$aScale not determined$c(E 4°10'23"--E 4°27'04"/N 50°27'03"--N 50°35'31").
=260  \\$c1749.
=336  \\$acartographic image$2rdacontent
=337  \\$aunmediated$2rdamedia
=338  \\$avolume$2rdacarrier
=510  3\$aBritish Museum, Catalogue of Maps, Prints, Drawings, etc., forming the geographical and topographical collection attached to the Library of his late Majesty King George the third, etc., London, 1829.
=651  \7$aSENEFFE, Belgium (Environs)$y1749.$2blmlsh
=700  0\$aGeorge$bIII,$cKing of Great Britain,$d1738-1820,$eformer owner.$5Uk.
=700  0\$aGeorge$bIV,$cKing of Great Britain,$d1762-1830,$edonor.$5Uk.
=852  41$aBritish Library$bMAPS$jMaps K.Top.105.83.a.
=856  41$3Copy at Maps K.Top.105.83.a.$uhttps://www.flickr.com/photos/britishlibrary/50265186923$ydigitised map
=985  \\$aUpgraded from BL georeferencer data 2022-12-05.
=985  \\$aRecord amended for WR1606-1727
=CAT  \\$aCONV$b00$c20040502$lBLL01$h1043
=CAT  \\$aglobal_upd$b40$c20060416$lBLL01$h1831
=CAT  \\$aBATCH-UPD$b40$c20090403$lBLL01$h1554
=CAT  \\$aMAP-BATCH$c20090415$lBLL01$h2204
=CAT  \\$aBATCH-UPD$b00$c20090915$lBLL01$h1209
=CAT  \\$aBATCH$b00$c20091205$lBLL01$h2235
=CAT  \\$aBATCH-UPD$b00$c20110602$lBLL01$h1229
=CAT  \\$aBATCH-UPD$b00$c20121128$lBLL01$h2154
=CAT  \\$aWR13_188$c20140208$lBLL01$h1235
=CAT  \\$aW1606-1727$c20160825$lBLL01$h1846
=CAT  \\$aW2009-0364$c20200911$lBLL01$h1622
=CAT  \\$aW2009-0364$c20201002$lBLL01$h1550
=CAT  \\$a12842$b40$c20201202$lBLL01$h1942
=CAT  \\$a14185$b40$c20221205$lBLL01$h1729
=CAT  \\$a14185$b40$c20221205$lBLL01$h1948
=FIN  \\$aY
=FMT  \\$a  MP
=LAS  \\$a14185$b40$c20221205$lBLL01$h1948
=LEO  \\$aMP17.0000130956
=SRC  \\$aMAP01$bbibmp17.200404.2.aa

