=LDR  02574cem a22006133u 4500
=001  004931415
=003  Uk
=005  20221205194811.0
=007  a|||||||
=008  940113|1800\\\\|||||||||\u\\||\|\|||||\\
=034  1\$aa$dW0022600$eW0014145$fN0531620$gN0543939$2bound
=040  \\$aUk$cUk$dUk
=052  7\$a912.4281$2ddc
=245  03$a[A Plan of Sheffield]
=250  \\$aThird edition.
=255  \\$aScale not determined$c(W 2°26'00"--W 1°41'45"/N 53°16'20"--N 54°39'39").
=260  \\$c1800.
=336  \\$acartographic image$2rdacontent
=337  \\$aunmediated$2rdamedia
=338  \\$avolume$2rdacarrier
=510  3\$aBritish Museum, Catalogue of Maps, Prints, Drawings, etc., forming the geographical and topographical collection attached to the Library of his late Majesty King George the third, etc., London, 1829.
=651  \7$aSHEFFIELD, Yorkshire -$vMaps and charts$y1771 (1800).$2blmlsh
=700  0\$aGeorge$bIII,$cKing of Great Britain,$d1738-1820,$eformer owner.$5Uk.
=700  0\$aGeorge$bIV,$cKing of Great Britain,$d1762-1830,$edonor.$5Uk.
=787  0\$tA Plan of Sheffield$w(Uk)MP17.0000131731$d1771
=852  41$aBritish Library$bMAPS$jMaps K.Top.44.8.6 TAB.
=856  41$3Copy at Maps K.Top.44.8.6 TAB.$uhttps://www.flickr.com/photos/britishlibrary/50263465593$ydigitised map
=985  \\$aUpgraded from BL georeferencer data 2022-12-05.
=985  \\$aCorrected by BSS-generated file
=985  \\$aDisaggregated record: Type B
=985  \\$aRecord amended for WR1606-1727
=CAT  \\$aCONV$b00$c20040502$lBLL01$h1043
=CAT  \\$aglobal_upd$b40$c20060416$lBLL01$h1831
=CAT  \\$aBLSS-CORR$b00$c20080705$lBLL01$h1812
=CAT  \\$aBATCH-UPD$b00$c20090403$lBLL01$h1554
=CAT  \\$aMAP-BATCH$c20090415$lBLL01$h2204
=CAT  \\$aBLSS-CORR9$c20090508$lBLL01$h1636
=CAT  \\$aBATCH-UPD$b00$c20090915$lBLL01$h1209
=CAT  \\$aBATCH$b00$c20091205$lBLL01$h2235
=CAT  \\$aBATCH-UPD$b00$c20110602$lBLL01$h1230
=CAT  \\$aBATCH-UPD$b00$c20121128$lBLL01$h2154
=CAT  \\$aWR13_188$c20140208$lBLL01$h1235
=CAT  \\$aBATCH-UPD$b00$c20150310$lBLL01$h2140
=CAT  \\$aW1606-1727$c20160825$lBLL01$h1846
=CAT  \\$aW2009-0364$c20200911$lBLL01$h1622
=CAT  \\$aW2009-0364$c20201002$lBLL01$h1550
=CAT  \\$a12842$b40$c20201202$lBLL01$h2000
=CAT  \\$a14185$b40$c20221205$lBLL01$h1729
=CAT  \\$a14185$b40$c20221205$lBLL01$h1948
=FIN  \\$aY
=FMT  \\$a  MP
=LAS  \\$a14185$b40$c20221205$lBLL01$h1948
=LEO  \\$aMP17.0000131731.2
=SRC  \\$aMAP01$bbibmp17.200404.2.aa

