=LDR  02260cem a22005413u 4500
=001  004934371
=003  Uk
=005  20221205194808.0
=007  a|||||||
=008  940113|1749\\\\|||||||||\u\\||\|\|||||\\
=019  4\$am130538108
=034  1\$aa$dE0042233$eE0044323$fN0502734$gN0503920$2bound
=040  \\$aUk$cUk$dUk
=052  7\$a912.493$2ddc
=245  00$aCarte topographique des Environs de Marbais, Sombref, etc.
=255  \\$aScale not determined$c(E 4°22'33"--E 4°43'23"/N 50°27'34"--N 50°39'20").
=260  \\$c1749.
=336  \\$acartographic image$2rdacontent
=337  \\$aunmediated$2rdamedia
=338  \\$avolume$2rdacarrier
=510  3\$aBritish Museum, Catalogue of Maps, Prints, Drawings, etc., forming the geographical and topographical collection attached to the Library of his late Majesty King George the third, etc., London, 1829.
=651  \7$aSOMBREFFE, Belgium$y1749.$2blmlsh
=700  0\$aGeorge$bIII,$cKing of Great Britain,$d1738-1820,$eformer owner.$5Uk.
=700  0\$aGeorge$bIV,$cKing of Great Britain,$d1762-1830,$edonor.$5Uk.
=852  41$aBritish Library$bMAPS$jMaps K.Top.105.83.b.
=856  41$3Copy at Maps K.Top.105.83.b.$uhttps://www.flickr.com/photos/britishlibrary/50265186803$ydigitised map
=985  \\$aUpgraded from BL georeferencer data 2022-12-05.
=985  \\$aRecord amended for WR1606-1727
=CAT  \\$aCONV$b00$c20040502$lBLL01$h1043
=CAT  \\$aglobal_upd$b40$c20060416$lBLL01$h1832
=CAT  \\$aBATCH-UPD$b40$c20090403$lBLL01$h1554
=CAT  \\$aMAP-BATCH$c20090415$lBLL01$h2204
=CAT  \\$aBATCH-UPD$b00$c20090915$lBLL01$h1212
=CAT  \\$aBATCH$b00$c20091205$lBLL01$h2236
=CAT  \\$aBATCH-UPD$b00$c20110602$lBLL01$h1230
=CAT  \\$aBATCH-UPD$b00$c20121128$lBLL01$h2155
=CAT  \\$aWR13_188$c20140208$lBLL01$h1235
=CAT  \\$aW1606-1727$c20160825$lBLL01$h1846
=CAT  \\$aW2009-0364$c20200911$lBLL01$h1622
=CAT  \\$aW2009-0364$c20201002$lBLL01$h1550
=CAT  \\$a12842$b40$c20201202$lBLL01$h2005
=CAT  \\$a14185$b40$c20221205$lBLL01$h1730
=CAT  \\$a14185$b40$c20221205$lBLL01$h1948
=FIN  \\$aY
=FMT  \\$a  MP
=LAS  \\$a14185$b40$c20221205$lBLL01$h1948
=LEO  \\$aMP17.0000134346
=SRC  \\$aMAP01$bbibmp17.200404.2.aa

