=LDR  02332cem a22005533u 4500
=001  004953117
=003  Uk
=005  20221205194802.0
=007  a|||||||
=008  940114|1656\\\\|||||||||\u\\||\|\|||||\\
=019  4\$am140937048
=034  1\$aa$dE0033645$eE0043416$fN0505613$gN0513403$2bound
=040  \\$aUk$cUk$dUk
=052  7\$a912.4931$2ddc
=245  00$aCaerte figuerative van t'Lant van Waes ende Hulster Ambacht, als mede de Rievier de Schelde, door P. Verbist.
=255  \\$aScale not determined$c(E 3°36'45"--E 4°34'16"/N 50°56'13"--N 51°34'03").
=260  \\$c1656.
=300  \\$a2 tab.
=336  \\$acartographic image$2rdacontent
=337  \\$aunmediated$2rdamedia
=338  \\$avolume$2rdacarrier
=510  3\$aBritish Museum, Catalogue of Maps, Prints, Drawings, etc., forming the geographical and topographical collection attached to the Library of his late Majesty King George the third, etc., London, 1829.
=651  \7$aWAES, East Flanders$y1656.$2blmlsh
=700  0\$aGeorge$bIII,$cKing of Great Britain,$d1738-1820,$eformer owner.$5Uk.
=700  0\$aGeorge$bIV,$cKing of Great Britain,$d1762-1830,$edonor.$5Uk.
=852  41$aBritish Library$bMAPS$jMaps K.Top.104.35.
=856  41$3Copy at Maps K.Top.104.35.$uhttps://www.flickr.com/photos/britishlibrary/50265857501$ydigitised map
=985  \\$aUpgraded from BL georeferencer data 2022-12-05.
=985  \\$aRecord amended for WR1606-1727
=CAT  \\$aCONV$b00$c20040502$lBLL01$h1043
=CAT  \\$aglobal_upd$b40$c20060416$lBLL01$h1838
=CAT  \\$aBATCH-UPD$b40$c20090403$lBLL01$h1556
=CAT  \\$aMAP-BATCH$c20090415$lBLL01$h2205
=CAT  \\$aBATCH-UPD$b00$c20090915$lBLL01$h1223
=CAT  \\$aBATCH$b00$c20091205$lBLL01$h2243
=CAT  \\$aBATCH-UPD$b00$c20110602$lBLL01$h1234
=CAT  \\$aBATCH-UPD$b00$c20121128$lBLL01$h2203
=CAT  \\$aWR13_188$c20140208$lBLL01$h1235
=CAT  \\$aW1606-1727$c20160825$lBLL01$h1846
=CAT  \\$aW2009-0364$c20200911$lBLL01$h1622
=CAT  \\$aW2009-0364$c20201002$lBLL01$h1551
=CAT  \\$a12842$b40$c20201203$lBLL01$h1235
=CAT  \\$a14185$b40$c20221205$lBLL01$h1730
=CAT  \\$a14185$b40$c20221205$lBLL01$h1948
=FIN  \\$aY
=FMT  \\$a  MP
=LAS  \\$a14185$b40$c20221205$lBLL01$h1948
=LEO  \\$aMP17.0000151101
=SRC  \\$aMAP01$bbibmp17.200404.2.aa

