=LDR  05058cem a22008533u 4500
=001  004961647
=003  Uk
=005  20221205144338.0
=007  a|||||||
=008  940115|1764\\\\|||||||||\u\\||\|\|||||\\
=019  4\$am150546149
=034  1\$3Map at Maps K.Top.4.30.i.$aa$dW1682456$eE1742234$fN0804624$gS0872112$2bound
=034  1\$3Sheet 5 at Maps K.Top.4.30.ii.$aa$dW1762102$eE0178134$fN0744410$gS0874555$2bound
=034  1\$3Sheet 8 at Maps K.Top.4.30.ii.$aa$dW1793650$eE1791638$fN0763527$gS0883942$2bound
=034  1\$3Sheet 12 at Maps K.Top.4.30.ii.$aa$dW1775010$eE1794751$fN0735755$gS0661315$2bound
=034  1\$3Sheet 15 at Maps K.Top.4.30.ii.$aa$dW1765218$eE1601616$fN0851613$gS0892926$2bound
=034  1\$3Sheet 17 at Maps K.Top.4.30.ii.$aa$dW1754814$eE1621753$fN0835850$gS0885920$2bound
=034  1\$3Sheet 22 at Maps K.Top.4.30.ii.$aa$dW0115933$eE0094831$fN0523656$gN0444953$2bound
=040  \\$aUk$cUk$dUk
=052  7\$a912.0$2ddc
=245  00$aMappe-monde physique, politique, et mathématique :$bou, Nouvelle maniere de considerer a terre par la disposition naturelle de ses parties, par les differents peuples qui l'habitent et par sa corresponsance avec le ciel /$cpar Louis Denis. Trois feuilles; avec une Explication.
=255  \\$aScale of map i at at Maps K.Top.4.30.i not determined$c(W 168°56'24"--E 174°34'22"/N 80°24'46"--S 87°12'21").
=255  \\$aScale of sheet 5 not determined$c(W 176°02'21"--E 178°34'1"/N 74°10'44"--S 87°55'45").
=255  \\$aScale of sheet 8 not determined$c(W 179°50'36"--E 179°38'16"/N 76°27'35"--S 88°42'39").
=255  \\$aScale of sheet 12 not determined$c(W 177°10'50"--E 179°51'47"/N 73°55'57"--S 66°15'13").
=255  \\$aScale of sheet 15 not determined$c(W 176°18'52"--E 160°16'16"/N 85°13'16"--S 89°26'29").
=255  \\$aScale of sheet 17 not determined$c(W 175°14'48"--E 162°53'17"/N 83°50'58"--S 88°20'59").
=255  \\$aScale of sheet 22 not determined$c(W 11°33'59"--E 9°31'48"/N 52°56'36"--N 44°53'49").
=264  \1$aa Paris :$b[Louis Denis],$c1764.
=300  \\$a1 map on 3 sheets +$e1 volume
=336  \\$acartographic image$2rdacontent
=337  \\$aunmediated$2rdamedia
=338  \\$avolume$2rdacarrier
=500  \\$aMap in hemispheres, on the stereographic projection.
=510  3\$aBritish Museum, Catalogue of Maps, Prints, Drawings, etc., forming the geographical and topographical collection attached to the Library of his late Majesty King George the third, etc., London, 1829.
=651  \7$aWORLD -$vMaps and charts$y1764.$2blmlsh
=700  1\$aDENIS, Louis.
=700  0\$aGeorge$bIII,$cKing of Great Britain,$d1738-1820,$eformer owner.$5Uk.
=700  0\$aGeorge$bIV,$cKing of Great Britain,$d1762-1830,$edonor.$5Uk.
=852  41$3Text$aBritish Library$bMAPS$jMaps K.Top.4.30.ii.
=852  41$3Map$aBritish Library$bMAPS$jMaps K.Top.4.30.i.
=856  41$3Map at Maps K.Top.4.30.i.$uhttps://www.flickr.com/photos/britishlibrary/50264234476$ydigitised map
=856  41$3Sheet 5 at Maps K.Top.4.30.ii.$uhttps://www.flickr.com/photos/britishlibrary/50264414672$ydigitised map
=856  41$3Sheet 8 at Maps K.Top.4.30.ii.$uhttps://www.flickr.com/photos/britishlibrary/50263575328$ydigitised map
=856  41$3Sheet 12 at Maps K.Top.4.30.ii.$uhttps://www.flickr.com/photos/britishlibrary/50264232351$ydigitised map
=856  41$3Sheet 15 at Maps K.Top.4.30.ii.$uhttps://www.flickr.com/photos/britishlibrary/50264231701$ydigitised map
=856  41$3Sheet 17 at Maps K.Top.4.30.ii.$uhttps://www.flickr.com/photos/britishlibrary/50264412282$ydigitised map
=856  41$3Sheet 22 at Maps K.Top.4.30.ii.$uhttps://www.flickr.com/photos/britishlibrary/50263572458$ydigitised map
=856  41$3All images from Maps K.Top.4.30.$uhttps://www.flickr.com/photos/britishlibrary/tags/sysnum004961647?sort=date-posted-desc$ydigitised map
=985  \\$aUpgraded from BL georeferencer data 2022-12-01.
=985  \\$aRecord amended for WR1606-1727
=985  \\$aUpgraded from BL georeferencer data 2022-12-01
=CAT  \\$aCONV$b00$c20040502$lBLL01$h1043
=CAT  \\$aglobal_upd$b40$c20060416$lBLL01$h1841
=CAT  \\$aBATCH-UPD$b40$c20090403$lBLL01$h1556
=CAT  \\$aMAP-BATCH$c20090415$lBLL01$h2205
=CAT  \\$aBATCH-UPD$b00$c20090915$lBLL01$h1228
=CAT  \\$aBATCH$b00$c20091205$lBLL01$h2246
=CAT  \\$aBATCH-UPD$b00$c20110602$lBLL01$h1235
=CAT  \\$aBATCH-UPD$b00$c20121128$lBLL01$h2207
=CAT  \\$aWR13_188$c20140208$lBLL01$h1235
=CAT  \\$aW1606-1727$c20160825$lBLL01$h1847
=CAT  \\$aW2009-0364$c20200911$lBLL01$h1622
=CAT  \\$aW2009-0364$c20201002$lBLL01$h1551
=CAT  \\$a14185$b40$c20221201$lBLL01$h1433
=CAT  \\$a14185$b40$c20221201$lBLL01$h1452
=CAT  \\$a14185$b40$c20221201$lBLL01$h1455
=CAT  \\$a14185$b40$c20221205$lBLL01$h1407
=CAT  \\$a14185$b40$c20221205$lBLL01$h1443
=FIN  \\$aY
=FMT  \\$a  MP
=LAS  \\$a14185$b40$c20221205$lBLL01$h1443
=LEO  \\$aMP17.0000158173
=SRC  \\$aMAP01$bbibmp17.200404.2.aa

