=LDR  02579cem a22006133u 4500
=001  004966791
=003  Uk
=005  20221205194755.0
=007  a|||||||
=008  940115|1800\\\\|||||||||\u\\||\|\|||||\\
=034  1\$aa$dW0013611$eE0001126$fN0533103$gN0541731$2bound
=040  \\$aUk$cUk$dUk
=052  7\$a912.4281$2ddc
=245  03$a[A Plan of the City of York]
=250  \\$aThird edition.
=255  \\$aScale not determined$c(W 1°36'11"--E 0°11'26"/N 53°31'03"--N 54°17'31").
=260  \\$c1800.
=336  \\$acartographic image$2rdacontent
=337  \\$aunmediated$2rdamedia
=338  \\$avolume$2rdacarrier
=510  3\$aBritish Museum, Catalogue of Maps, Prints, Drawings, etc., forming the geographical and topographical collection attached to the Library of his late Majesty King George the third, etc., London, 1829.
=651  \7$aYORK (City) -$vMaps and charts$y1771 (1800).$2blmlsh
=700  0\$aGeorge$bIII,$cKing of Great Britain,$d1738-1820,$eformer owner.$5Uk.
=700  0\$aGeorge$bIV,$cKing of Great Britain,$d1762-1830,$edonor.$5Uk.
=787  0\$tA Plan of the City of York$w(Uk)MP17.0000162379$d1771
=852  41$aBritish Library$bMAPS$jMaps K.Top.44.8.6 TAB.
=856  41$3Copy at Maps K.Top.44.8.6 TAB.$uhttps://www.flickr.com/photos/britishlibrary/50263465468$ydigitised map
=985  \\$aUpgraded from BL georeferencer data 2022-12-05.
=985  \\$aCorrected by BSS-generated file
=985  \\$aDisaggregated record: Type B
=985  \\$aRecord amended for WR1606-1727
=CAT  \\$aCONV$b00$c20040502$lBLL01$h1043
=CAT  \\$aglobal_upd$b40$c20060416$lBLL01$h1843
=CAT  \\$aBLSS-CORR$b00$c20080705$lBLL01$h1812
=CAT  \\$aBATCH-UPD$b00$c20090403$lBLL01$h1556
=CAT  \\$aMAP-BATCH$c20090415$lBLL01$h2205
=CAT  \\$aBLSS-CORR9$c20090508$lBLL01$h1636
=CAT  \\$aBATCH-UPD$b00$c20090915$lBLL01$h1229
=CAT  \\$aBATCH$b00$c20091205$lBLL01$h2248
=CAT  \\$aBATCH-UPD$b00$c20110602$lBLL01$h1236
=CAT  \\$aBATCH-UPD$b00$c20121128$lBLL01$h2208
=CAT  \\$aWR13_188$c20140208$lBLL01$h1235
=CAT  \\$aBATCH-UPD$b00$c20150310$lBLL01$h2150
=CAT  \\$aW1606-1727$c20160825$lBLL01$h1847
=CAT  \\$aW2009-0364$c20200911$lBLL01$h1622
=CAT  \\$aW2009-0364$c20201002$lBLL01$h1551
=CAT  \\$a12842$b40$c20201203$lBLL01$h1508
=CAT  \\$a14185$b40$c20221205$lBLL01$h1731
=CAT  \\$a14185$b40$c20221205$lBLL01$h1947
=FIN  \\$aY
=FMT  \\$a  MP
=LAS  \\$a14185$b40$c20221205$lBLL01$h1947
=LEO  \\$aMP17.0000162379.2
=SRC  \\$aMAP01$bbibmp17.200404.2.aa

