=LDR  03446cfm a2200685 i 4500
=001  004982965
=003  Uk
=005  20230223160442.0
=007  aj\canzn
=008  940122s1697\\\\fr\b\\\\\\a\\\\\0\e\fre\\
=034  1\$aa$b1732$dE0044645$eE0045343$fN0501008$gN0500730$2bound
=040  \\$aUk$beng$cUk$dUk$erda
=042  \\$aukblsr
=052  7\$a912.44$2ddc
=082  04$a912.44312$223
=245  00$aGivet N.re Dame 1697.
=246  11$aGivet Notre Dame
=255  \\$aScale approximately 1:1,732$cE 4°46'45"-E 4°53'43"/N 50°10'08"-N 50°07'30".
=264  \0$c1697.
=300  \\$a1 map :$bink and wash ;$c18.2 x 25 cm
=336  \\$acartographic image$2rdacontent
=337  \\$aunmediated$2rdamedia
=338  \\$asheet$2rdacarrier
=500  \\$aRelief shown by shading.
=500  \\$aIncludes title above and scale bar below.
=500  \\$aTitled 'Four colored plans of the bastions of Givet Nôtre Dame, 1697, with slips to shew the mines or souterrains under each; drawn on a scale of 22 toises to an inch' in the Catalogue of the manuscript maps, charts, and plans, and of the topographical drawings in the British Museum, London, 1844-1861.
=510  3\$aBritish Museum, Catalogue of Maps, Prints, Drawings, etc., forming the geographical and topographical collection attached to the Library of his late Majesty King George the third, etc
=520  \\$aTitled 'Quatre petits Desseins relatifs à Givet Notre Dame, 1697' in the Catalogue of Maps, Prints, Drawings, etc., forming the geographical and topographical collection attached to the Library of his late Majesty King George the third, etc, London, 1829.
=650  \0$aFortification$zFrance$zGivet$vMaps.
=651  \0$aGivet (France)$vMaps$vEarly works to 1800.
=655  \7$aEarly maps.$2fast$0(OCoLC)fst01752681
=700  0\$aGeorge$bIII,$cKing of Great Britain,$d1738-1820,$eformer owner.$5Uk
=700  0\$aGeorge$bIV,$cKing of Great Britain,$d1762-1830,$edonor.$5Uk
=852  41$aBritish Library$bMAPS$jMaps K.Top.60.73.e.
=856  41$3Copy at Maps K.Top.60.73.e.$uhttps://www.flickr.com/photos/britishlibrary/tags/sysnum004982965?sort=date-posted-desc$ydigitised map
=856  41$3Level 1.$uhttps://www.flickr.com/photos/britishlibrary/50263223318$ydigitised map
=856  41$3Level 2.$uhttps://www.flickr.com/photos/britishlibrary/50264063772$ydigitised map
=985  \\$aRecord amended for WR1606-1727
=985  \\$aUpgraded from BL georeferencer data 2022-12-01
=985  \\$aUpdated by MS generated file for WR2302-017
=CAT  \\$aCONV$b00$c20040502$lBLL01$h1044
=CAT  \\$aglobal_upd$b40$c20060416$lBLL01$h1848
=CAT  \\$aBATCH-UPD$b40$c20090403$lBLL01$h1558
=CAT  \\$aMAP-BATCH$c20090415$lBLL01$h2206
=CAT  \\$aBATCH-UPD$b00$c20090915$lBLL01$h1246
=CAT  \\$aBATCH$b00$c20091205$lBLL01$h2253
=CAT  \\$aBATCH-UPD$b00$c20110602$lBLL01$h1241
=CAT  \\$aBATCH-UPD$b00$c20121128$lBLL01$h2219
=CAT  \\$aW1606-1727$c20160825$lBLL01$h1848
=CAT  \\$a14159$b40$c20170331$lBLL01$h1356
=CAT  \\$a14159$b40$c20170331$lBLL01$h1412
=CAT  \\$aW2009-0364$c20200911$lBLL01$h1623
=CAT  \\$aW2009-0364$c20201002$lBLL01$h1551
=CAT  \\$a14185$b40$c20221201$lBLL01$h1525
=CAT  \\$aW2302-0174$c20230223$lBLL01$h1952
=FIN  \\$aY$d20170331
=FMT  \\$a  MP
=LAS  \\$aW2302-0174$b00$c20230223$lBLL01$h1952
=LEO  \\$aMP17.0000178182
=SRC  \\$aMAP01$bbibmp17.200404.2.aa

