=LDR  03630cem a2200613 i 4500
=001  018436489
=003  Uk
=005  20221206100109.0
=007  aj\aanzn
=008  000324s1676\\\\enki\\\\\\a\\\\\0\\\eng\\
=034  0\$aa$dW0042300$eW0030900$fN0530400$gN0522900$2bound
=040  \\$aUk$beng$cUk$dUk$erda
=042  \\$aukblsr
=082  7\$a912.42929$2ddc
=100  1\$aSpeed, John,$d1552?-1629,$ecartographer.
=245  10$aMerionethshire Described 1610 /$cPerformed by Iohn Speede and are to be solde by Thomas Bassett in FleetStreet and Richard Chiswell in St. Pauls Church yard.
=255  \\$aScale approximately 1:139,400$c(W 4°23'00"--W 3°09'00"/N 53°04'00"--N 52°29'00").
=264  \1$a[London] :$b[T. Bassett & R. Chiswell],$c[1676]
=300  \\$a1 map :$bcopperplate engraving ;$c37.0 x 49.2 cm
=336  \\$acartographic image$2rdacontent
=337  \\$aunmediated$2rdamedia
=338  \\$avolume$2rdacarrier
=500  \\$aRelief shown pictorially.
=500  \\$aMap of Merionethshire, showing numerous hills, villages and towns, rivers, forests, and other geographical features. A ship and two whales in the sea. The Royal Arms and another armorial above. A pictorial inset map of Harlech to the right.
=500  \\$aIncludes title in a decorative cartouche to the left margin.
=500  \\$aIncludes a scalebar to the lower left within a decorative cartouche with two putti on either side of a pair of compasses above.
=500  \\$aIncludes the publication details in a cartouche to the lower right with two putti on either side of a compass rose above.
=500  \\$aIncluded in a late edition of Speed's 'The Theatre of The Empire of Great Britaine, Presenting an exact geography of England, Scotland, and Ireland', published by Barrett & Chiswell.
=500  \\$aTitled ' A Map of Merionethshire, by Speed, 1610, with a Plan of the Town of Harlech.' in the Catalogue of Maps, Prints, Drawings, etc., forming the geographical and topographical collection attached to the Library of his late Majesty King George the third, etc., London, 1829.
=510  3\$aBritish Museum, Catalogue of Maps, Prints, Drawings, etc., forming the geographical and topographical collection attached to the Library of his late Majesty King George the third, etc., London, 1829
=561  1\$aPart of King George III's Topographical Collection. Donated to the nation by George IV.$5Uk
=651  \0$aMerionethshire (Wales)$vMaps$yEarly works to 1800.
=700  0\$aGeorge$bIII,$cKing of Great Britain,$d1738-1820,$eformer owner.$5Uk
=700  0\$aGeorge$bIV,$cKing of Great Britain,$d1762-1830,$edonor.$5Uk
=700  1\$aHondius, Jodocus,$d1594 or 1595-1629.
=700  1\$aBassett, Thomas$c(Bookseller),$epublisher.
=700  1\$aChiswell, Richard,$epublisher.
=852  41$aBritish Library$bMAPS$jMaps K.Top.47.58.
=856  41$3Copy at Maps K.Top.47.58.$uhttps://www.flickr.com/photos/britishlibrary/50264253922$ydigitised map
=985  \\$aUpgraded from BL georeferencer data 2022-12-05.
=985  \\$aCorrected by BSS-generated file
=985  \\$aRecord amended for WR1606-1727
=CAT  \\$a14508$b40$c20170724$lBLL01$h1134
=CAT  \\$a14508$b40$c20170724$lBLL01$h1144
=CAT  \\$a14508$b40$c20170724$lBLL01$h1157
=CAT  \\$a14508$b40$c20170724$lBLL01$h1433
=CAT  \\$aW2009-0364$c20200911$lBLL01$h1624
=CAT  \\$aW2009-0364$c20201002$lBLL01$h1554
=CAT  \\$a12842$b40$c20201208$lBLL01$h1754
=CAT  \\$a14185$b40$c20221206$lBLL01$h1001
=FIN  \\$aY$d20160516
=FMT  \\$a  MP
=LAS  \\$a14185$b40$c20221206$lBLL01$h1001
=SRC  \\$aMAP01$bbibmp17.200404.2.aa

